@misc{govex,
  title = {{Govex.ai: Decentralized Governance Infrastructure}},
  author = {{Govex}},
  howpublished = {\url{https://www.govex.ai/}},
  year = {2025},
  note = {Accessed: 2025}
}

@misc{mntcapital,
  title = {{MNT Capital Trading Platform}},
  author = {{MetaDAO}},
  howpublished = {\url{https://metadao.fi/mtncapital/trade-v4/CV5gPgHMyJQV3a9m5FZnAxvRXsAn65dMScsANTCydHrX}},
  year = {2025},
  note = {Accessed: 2025}
}

@misc{metadao,
  title = {{MetaDAO Futarchy Implementation}},
  author = {{MetaDAO}},
  howpublished = {\url{https://x.com/metaproph3t/status/1930686351680409637}},
  year = {2024},
  note = {Accessed: 2025}
}

@misc{govex2,
  title = {{Govex Trading Interface: Multi-Outcome Markets}},
  author = {{Govex}},
  howpublished = {\url{https://www.govex.ai/trade/0x840e677cda2f2078ca7042d2cda9b586e13089e5e4956a63f5ee386f2fa98cb6}},
  year = {2025},
  note = {Accessed: 2025}
}

@article{hanson2003,
  title = {Combinatorial Information Market Design},
  author = {Hanson, Robin},
  journal = {Information Systems Frontiers},
  volume = {5},
  number = {1},
  pages = {107--119},
  year = {2003},
  publisher = {Springer}
}

@article{hanson2007,
  title = {Logarithmic Market Scoring Rules for Modular Combinatorial Information Aggregation},
  author = {Hanson, Robin},
  journal = {Journal of Prediction Markets},
  volume = {1},
  number = {1},
  pages = {3--15},
  year = {2007},
  publisher = {University of Buckingham Press}
}