@misc{trades,
  author       = {MetaDAOproject},
  year         = {2025},
  title        = {Trading statistics -- Trading interface for MetaDAO},
  howpublished = {\url{https://metadao.fi/ore/trade-v4/3PCPkFQQo7sU2DxpqnQNEttiyx1t5kByY2WPjCo1qLEZ}},
  note         = {Trading GUI, accessed 2025-05-07}
}

@misc{ammrs,
  author       = {MetaDAOproject},
  year         = {2025},
  title        = {amm.rs -- state module for Futarchy AMM (commit 4092c39)},
  howpublished = {\url{https://github.com/metaDAOproject/futarchy/blob/4092c39/programs/amm/src/state/amm.rs}},
  note         = {Computer program, accessed 2025-05-07}
}

@misc{suicheckpoints,
  author       = {Mysten Labs},
  year         = {2025},
  title        = {Sui statistics - Grafana dashboard for Sui validators},
  howpublished = {\url{https://metrics.sui.io/public-dashboards/4ceb11cc210d4025b122294586961169?from=now-24h&to=now&timezone=America%2FLos_Angeles}},
  note         = {Statistcs dashboard, accessed 2025-05-07}
}

@misc{solblocks,
  author       = {Solana Labs},
  year         = {2025},
  title        = {Solana explorer -- dashboard for Solana validators},
  howpublished = {\url{https://explorer.solana.com/}},
  note         = {Statistcs dashboard, accessed 2025-05-07}
}

@misc{curve_ema_blog,
  author       = {Curve Finance},
  year         = {2025},
  title        = {Curve Technical Docs},
  howpublished = {\url{https://docs.curve.fi/stableswap-exchange/stableswap-ng/pools/oracles/?h=oracle}},
  note         = {Website, accessed 2025-05-07}
}

@misc{omer,
      title={Ormer: A Manipulation-resistant and Gas-efficient Blockchain Pricing Oracle for DeFi}, 
      author={Dongbin Bai and Jiannong Cao and Yinfeng Cao and Long Wen},
      year={2024},
      eprint={2410.07893},
      archivePrefix={arXiv},
      primaryClass={cs.CR},
      url={https://arxiv.org/abs/2410.07893}, 
}